<?xml version="1.0" encoding="UTF-8"?><collection xmlns="http://www.loc.gov/MARC21/slim"><record><leader>00397nam--2200145-i-4500</leader><controlfield tag="001">000013283</controlfield><controlfield tag="002">20161230</controlfield><controlfield tag="005">20161230201030</controlfield><controlfield tag="008">060222s1000------------r-----000-0-eng-d</controlfield><datafield ind1=" " ind2=" " tag="080"><subfield code="a">778.38</subfield></datafield><datafield ind1=" " ind2=" " tag="100"><subfield code="a">Butusov, M.M., Ostrovsky, Yu.I</subfield></datafield><datafield ind1=" " ind2=" " tag="245"><subfield code="a">Interdferometry by holography</subfield></datafield><datafield ind1=" " ind2=" " tag="260"><subfield code="a">New York, Springer-verlag, 1980 X + 330 P</subfield></datafield><datafield ind1=" " ind2=" " tag="490"><subfield code="a">Springer Series In Optical Sciences</subfield></datafield><datafield ind1=" " ind2=" " tag="852"><subfield code="a">44207</subfield></datafield></record></collection>